<?xml version="1.0" encoding="UTF-8"?><record xmlns="http://www.loc.gov/MARC21/slim" xmlns:cinclude="http://apache.org/cocoon/include/1.0" xmlns:zs="http://www.loc.gov/zing/srw/">
  <leader>00506nz  a2200133n  4500</leader>
  <controlfield tag="001">no2008087646</controlfield>
  <controlfield tag="003">DLC</controlfield>
  <controlfield tag="005">20080614081747.0</controlfield>
  <controlfield tag="008">080612n| acannaabn          |n ana     c</controlfield>
  <datafield tag="010" ind1=" " ind2=" ">
    <subfield code="a">no2008087646</subfield>
  </datafield>
  <datafield tag="035" ind1=" " ind2=" ">
    <subfield code="a">(OCoLC)oca07794115</subfield>
  </datafield>
  <datafield tag="040" ind1=" " ind2=" ">
    <subfield code="a">LU</subfield>
    <subfield code="b">eng</subfield>
    <subfield code="c">LU</subfield>
  </datafield>
  <datafield tag="110" ind1="1" ind2=" ">
    <subfield code="a">Louisiana.</subfield>
    <subfield code="b">Governor's Office of Coastal Activities.</subfield>
    <subfield code="b">Science Advisory Panel</subfield>
  </datafield>
  <datafield tag="670" ind1=" " ind2=" ">
    <subfield code="a">An environmental-economic blueprint for restoring the Louisiana coastal zone, 1994:</subfield>
    <subfield code="b">t.p. (Governor's Office of Coastal Activities, Science Advisory Panel)</subfield>
  </datafield>
</record>